@article{alglave,
 author = {Alglave, Jade and Maranget, Luc and Tautschnig, Michael},
 title = {Herding Cats: Modelling, Simulation, Testing, and Data Mining for Weak Memory},
 journal = {ACM Trans. Program. Lang. Syst.},
 issue_date = {July 2014},
 volume = {36},
 number = {2},
 month = jul,
 year = {2014},
 issn = {0164-0925},
 pages = {7:1--7:74},
 articleno = {7},
 numpages = {74},
 url = {http://doi.acm.org/10.1145/2627752},
 doi = {10.1145/2627752},
 acmid = {2627752},
 publisher = {ACM},
 address = {New York, NY, USA},
 keywords = {Concurrency, software verification, weak memory models},
} 

@inproceedings{Lichtenstein:1985:GP:648065.747612,
author = {Lichtenstein, Orna and Pnueli, Amir and Zuck, Lenore D.},
title = {The Glory of the Past},
booktitle = {Proceedings of the Conference on Logic of Programs},
year = {1985},
isbn = {3-540-15648-8},
pages = {196--218},
numpages = {23},
url = {http://dl.acm.org/citation.cfm?id=648065.747612},
acmid = {747612},
publisher = {Springer-Verlag},
address = {London, UK, UK},
}
 
@article{Abadi:1993:CS:151646.151649,
author = {Abadi, Mart\'{\i}n and Lamport, Leslie},
title = {Composing Specifications},
journal = {ACM Trans. Program. Lang. Syst.},
issue_date = {Jan. 1993},
volume = {15},
number = {1},
month = jan,
year = {1993},
issn = {0164-0925},
pages = {73--132},
numpages = {60},
url = {http://doi.acm.org/10.1145/151646.151649},
doi = {10.1145/151646.151649},
acmid = {151649},
publisher = {ACM},
address = {New York, NY, USA},
keywords = {compositionality, concurrent programming, liveness properties, modular specification, safety properties},
}